@article{dimitrov2015model,
  title={Model of wind shear conditional on turbulence and its impact on wind turbine loads},
  author={Dimitrov, Nikolay and Natarajan, Anand and Kelly, Mark},
  journal={Wind Energy},
  volume={18},
  number={11},
  pages={1917--1931},
  year={2015},
  publisher={Wiley Online Library},
  doi={10.1002/we.1797}
}

@article{Mann1998,
title = {Wind field simulation},
journal = {Probabilistic Engineering Mechanics},
volume = {13},
number = {4},
pages = {269 - 282},
year = {1998},
note = {},
issn = {0266-8920},
doi = {10.1016/S0266-8920(97)00036-2},
author = {Jakob Mann}
}

@inproceedings{bak2012light,
  title={Light Rotor: The 10-MW reference wind turbine},
  author={Bak, Christian and Bitsche, Robert and Yde, Anders and Kim, Taeseong and Hansen, Morten Hartvig and Zahle, Frederik and Gaunaa, Mac and Blasques, Jos{\'e} Pedro Albergaria Amaral and D{\o}ssing, Mads and Wedel Heinen, Jens-Jakob and others},
  booktitle={EWEA 2012-European Wind Energy Conference \& Exhibition},
  year={2012}
}

@article{rosenblatt1952,
  title={Remarks on a multivariate transformation},
  author={Rosenblatt, Murray},
  journal={The annals of mathematical statistics},
  volume={23},
  number={3},
  pages={470--472},
  year={1952},
  publisher={JSTOR}
}

@article{international2005iec,
  title={IEC 61400-1: Wind turbines part 1: Design requirements},
  author={International Electrotechnical Commission and others},
  journal={International Electrotechnical Commission},
  year={2005}
}

@book{larsen20072,
  title={How 2 HAWC2, the user's manual},
  author={Larsen, Torben J and Hansen, Anders Melchior},
  year={2007},
  publisher={Ris{\o} National Laboratory}
}

@article{miner1945cumulative,
  title={Cumulative damage in fatigue},
  author={Miner, Milton A and others},
  journal={Journal of applied mechanics},
  volume={12},
  number={3},
  pages={159--164},
  year={1945}
}

@book{eldred2007dakota,
  title={DAKOTA, a multilevel parallel object-oriented framework for design optimization, parameter estimation, uncertainty quantification, and sensitivity analysis: Version 4.1 reference manual},
  author={Eldred, Michael S and Giunta, Anthony A and van Bloemen Waanders, Bart G and Wojtkiewicz, Steven F and Hart, William E and Alleva, Mario P},
  year={2007},
  publisher={Citeseer}
}

@article{feinberg2015chaospy,
  title={Chaospy: An open source tool for designing methods of uncertainty quantification},
  author={Feinberg, Jonathan and Langtangen, Hans Petter},
  journal={Journal of Computational Science},
  volume={11},
  pages={46--57},
  year={2015},
  publisher={Elsevier}
}

@book{marelli2014uqlab,
  title={UQLab: a framework for uncertainty quantification in MATLAB},
  author={Marelli, Stefano and Sudret, Bruno},
  year={2014},
  publisher={ETH-Z{\"u}rich}
}

@inproceedings{andrianov2007open,
  title={Open TURNS, an open source initiative to Treat Uncertainties, Risks’ N Statistics in a structured industrial approach},
  author={Andrianov, G and Burriel, S and Cambier, S and Dutfoy, A and Dutka-Malen, I and De Rocquigny, E and Sudret, B and Benjamin, P and Lebrun, R and Mangeant, F and others},
  booktitle={Proceedings of ESREL},
  year={2007}
}

@article{pedregosa2011scikit,
  title={Scikit-learn: Machine learning in Python},
  author={Pedregosa, Fabian and Varoquaux, Ga{\"e}l and Gramfort, Alexandre and Michel, Vincent and Thirion, Bertrand and Grisel, Olivier and Blondel, Mathieu and Prettenhofer, Peter and Weiss, Ron and Dubourg, Vincent and others},
  journal={The Journal of Machine Learning Research},
  volume={12},
  pages={2825--2830},
  year={2011},
  publisher={JMLR. org}
}


@article{blatman2011adaptive,
  title={Adaptive sparse polynomial chaos expansion based on least angle regression},
  author={Blatman, G{\'e}raud and Sudret, Bruno},
  journal={Journal of Computational Physics},
  volume={230},
  number={6},
  pages={2345--2367},
  year={2011},
  publisher={Elsevier}
}

@article{soize2004physical,
  title={Physical systems with random uncertainties: chaos representations with arbitrary probability measure},
  author={Soize, Christian and Ghanem, Roger},
  journal={SIAM Journal on Scientific Computing},
  volume={26},
  number={2},
  pages={395--410},
  year={2004},
  publisher={SIAM}
}

@article{le2004uncertainty,
  title={Uncertainty propagation using Wiener--Haar expansions},
  author={Le Ma{\i}tre, OP and Knio, OM and Najm, HN and Ghanem, RG},
  journal={Journal of computational Physics},
  volume={197},
  number={1},
  pages={28--57},
  year={2004},
  publisher={Elsevier}
}

@article{choi2004polynomial,
  title={Polynomial chaos expansion with latin hypercube sampling for estimating response variability},
  author={Choi, Seung-Kyum and Grandhi, Ramana V and Canfield, Robert A and Pettit, Chris L},
  journal={AIAA journal},
  volume={42},
  number={6},
  pages={1191--1198},
  year={2004}
}

@article{berveiller2006stochastic,
  title={Stochastic finite element: a non intrusive approach by regression},
  author={Berveiller, Marc and Sudret, Bruno and Lemaire, Maurice},
  journal={European Journal of Computational Mechanics/Revue Europ{\'e}enne de M{\'e}canique Num{\'e}rique},
  volume={15},
  number={1-3},
  pages={81--92},
  year={2006},
  publisher={Taylor \& Francis}
}

@article{xiu2005high,
  title={High-order collocation methods for differential equations with random inputs},
  author={Xiu, Dongbin and Hesthaven, Jan S},
  journal={SIAM Journal on Scientific Computing},
  volume={27},
  number={3},
  pages={1118--1139},
  year={2005},
  publisher={SIAM}
}

@article{tibshirani1996regression,
  title={Regression shrinkage and selection via the lasso},
  author={Tibshirani, Robert},
  journal={Journal of the Royal Statistical Society. Series B (Methodological)},
  pages={267--288},
  year={1996},
  publisher={JSTOR}
}

@incollection{simard1998transformation,
  title={Transformation invariance in pattern recognition—tangent distance and tangent propagation},
  author={Simard, Patrice Y and LeCun, Yann A and Denker, John S and Victorri, Bernard},
  booktitle={Neural networks: tricks of the trade},
  pages={239--274},
  year={1998},
  publisher={Springer}
}

@article{hammersley1960monte,
  title={Monte Carlo methods for solving multivariable problems},
  author={Hammersley, John M},
  journal={Annals of the New York Academy of Sciences},
  volume={86},
  number={3},
  pages={844--874},
  year={1960},
  publisher={Wiley Online Library}
}

@inproceedings{hosder2007efficient,
  title={Efficient sampling for non-intrusive polynomial chaos applications with multiple uncertain input variables},
  author={Hosder, Serhat and Walters, Robert W and Balch, Michael},
  booktitle={Proceedings of the 48th AIAA/ASME/ASCE/AHS/ASC Structures, Structural Dynamics and Materials Conference, AIAA paper},
  volume={1939},
  year={2007}
}

@article{sudret2008global,
  title={Global sensitivity analysis using polynomial chaos expansions},
  author={Sudret, Bruno},
  journal={Reliability Engineering \& System Safety},
  volume={93},
  number={7},
  pages={964--979},
  year={2008},
  publisher={Elsevier}
}


@article{toft2016assessment,
  title={Assessment of wind turbine structural integrity using response surface methodology},
  author={Toft, Henrik Stensgaard and Svenningsen, Lasse and Moser, Wolfgang and S{\o}rensen, John Dalsgaard and Th{\o}gersen, Morten Lybech},
  journal={Engineering Structures},
  volume={106},
  pages={471--483},
  year={2016},
  publisher={Elsevier}
}

@techreport{TallwindReport,
title = {Demonstration of a basis for tall wind turbine design, {EUDP} project final report},
author = {Natarajan, Anand and Dimitrov, Nikolay and Madsen, Peter Hauge and Berg, Jakob and Kelly, Mark C and Larsen, Gunner Chr and Mann, Jakob and Velerst, David Robert and Dalsgaard Sørensen, John and Toft, Henrik and Abdallah, Imad and Tarp-Johansen, Niels-Jakob and Krogh, Thomas and Stærdahl, Jesper and Eriksson, Christer and Jørgensen, Erik and Klintø, Frank and Thesbjerg, Leo},
year = {2016},
number = {E-0108},
institution = {Technical University of Denmark, Department of Wind Energy},
address = {Roskilde, Denmark}
}

@article{abdallah2016influence,
  title={Influence of the control system on wind turbine loads during power production in extreme turbulence: Structural reliability},
  author={Abdallah, Imad and Natarajan, Anand and S{\o}rensen, John Dalsgaard},
  journal={Renewable Energy},
  volume={87},
  pages={464--477},
  year={2016},
  publisher={Elsevier}
}

@article{gautschi1994algorithm,
  title={Algorithm 726: ORTHPOL--a package of routines for generating orthogonal polynomials and Gauss-type quadrature rules},
  author={Gautschi, Walter},
  journal={ACM Transactions on Mathematical Software (TOMS)},
  volume={20},
  number={1},
  pages={21--62},
  year={1994},
  publisher={ACM}
}

@article{natarajan2012outlier,
  title={Outlier robustness for wind turbine extrapolated extreme loads},
  author={Natarajan, Anand and Verelst, David R},
  journal={Wind Energy},
  volume={15},
  number={5},
  pages={679--697},
  year={2012},
  publisher={Wiley Online Library}
}

@inproceedings{tibaldi2014investigation,
  title={Investigation of the dependency of wind turbine loads on the simulation time},
  author={Tibaldi, Carlo and Henriksen, Lars Christian and Bak, Christian},
  booktitle={European Wind Energy Conference \& Exhibition 2014},
  year={2014}
}

@article{graf2015high,
  title={High-throughput computation and the applicability of Monte Carlo integration in fatigue load estimation of floating offshore wind turbines},
  author={Graf, Peter A and Stewart, Gordon and Lackner, Matthew and Dykes, Katherine and Veers, Paul},
  journal={Wind Energy},
  year={2015},
  publisher={Wiley Online Library}
}

@article{mckay2000comparison,
  title={A comparison of three methods for selecting values of input variables in the analysis of output from a computer code},
  author={McKay, Michael D and Beckman, Richard J and Conover, William J},
  journal={Technometrics},
  volume={42},
  number={1},
  pages={55--61},
  year={2000},
  publisher={Taylor \& Francis Group}
}

@article{sobol1967distribution,
  title={On the distribution of points in a cube and the approximate evaluation of integrals},
  author={Sobol', Il'ya Meerovich},
  journal={Zhurnal Vychislitel'noi Matematiki i Matematicheskoi Fiziki},
  volume={7},
  number={4},
  pages={784--802},
  year={1967},
  publisher={Russian Academy of Sciences, Branch of Mathematical Sciences}
}

@article{saltelli2010variance,
  title={Variance based sensitivity analysis of model output. Design and estimator for the total sensitivity index},
  author={Saltelli, Andrea and Annoni, Paola and Azzini, Ivano and Campolongo, Francesca and Ratto, Marco and Tarantola, Stefano},
  journal={Computer Physics Communications},
  volume={181},
  number={2},
  pages={259--270},
  year={2010},
  publisher={Elsevier}
}

@article{moriarty2008database,
  title={Database for validation of design load extrapolation techniques},
  author={Moriarty, Patrick},
  journal={Wind Energy},
  volume={11},
  number={6},
  pages={559},
  year={2008}
}

@article{sobol2001global,
  title={Global sensitivity indices for nonlinear mathematical models and their Monte Carlo estimates},
  author={Sobol, Ilya M},
  journal={Mathematics and computers in simulation},
  volume={55},
  number={1},
  pages={271--280},
  year={2001},
  publisher={Elsevier}
}

@book{maxwell2004designing,
  title={Designing experiments and analyzing data: A model comparison perspective},
  author={Maxwell, Scott E and Delaney, Harold D},
  volume={1},
  year={2004},
  publisher={Psychology Press}
}

@article{clifton2013using,
  title={Using machine learning to predict wind turbine power output},
  author={Clifton, A and Kilcher, L and Lundquist, JK and Fleming, P},
  journal={Environmental research letters},
  volume={8},
  number={2},
  pages={024009},
  year={2013},
  publisher={IOP Publishing}
}

@article{clifton2014effect,
  title={Effect of winds in a mountain pass on turbine performance},
  author={Clifton, A and Daniels, MH and Lehning, M},
  journal={Wind Energy},
  volume={17},
  number={10},
  pages={1543--1562},
  year={2014},
  publisher={Wiley Online Library}
}